<?xml version="1.0" encoding="UTF-8"?><collection xmlns="http://www.loc.gov/MARC21/slim"><record><leader>00323nam--2200121-i-4500</leader><controlfield tag="001">000039187</controlfield><controlfield tag="002">20161230</controlfield><controlfield tag="005">20161230201042</controlfield><controlfield tag="008">060222s1000------------r-----000-0-eng-d</controlfield><datafield ind1=" " ind2=" " tag="100"><subfield code="a">Ritz,Walter</subfield></datafield><datafield ind1=" " ind2=" " tag="245"><subfield code="a">Oeuvres publies par la societe suisse de physique</subfield></datafield><datafield ind1=" " ind2=" " tag="260"><subfield code="a">Paris, Gauthier-villars, 1911. Xxii + 541 P</subfield></datafield><datafield ind1=" " ind2=" " tag="852"><subfield code="a">658</subfield></datafield></record></collection>